@article{magnasco2009self-tuned,
  title={Self-tuned critical anti-Hebbian networks},
  author={Magnasco, Marcelo O and Piro, Oreste and Cecchi, Guillermo A},
  journal={Physical review letters},
  volume={102},
  number={25},
  pages={258102},
  year={2009},
  publisher={APS}
}

@article{schneidman2006weak,
  title={Weak pairwise correlations imply strongly correlated network states in a neural population},
  author={Schneidman, Elad and Berry, Michael J and Segev, Ronen and Bialek, William},
  journal={Nature},
  volume={440},
  number={7087},
  pages={1007--1012},
  year={2006},
  publisher={Nature Publishing Group}
}

@article{vogels2011inhibitory,
  title={Inhibitory plasticity balances excitation and inhibition in sensory pathways and memory networks},
  author={Vogels, TP and Sprekeler, Henning and Zenke, Friedemann and Clopath, Claudia and Gerstner, Wulfram},
  journal={Science},
  volume={334},
  number={6062},
  pages={1569--1573},
  year={2011},
  publisher={American Association for the Advancement of Science}
}

@article{vreeswijk1996chaos,
  title={Chaos in neuronal networks with balanced excitatory and inhibitory activity},
  author={van Vreeswijk, Carl and Sompolinsky, Haim},
  journal={Science},
  volume={274},
  number={5293},
  pages={1724--1726},
  year={1996},
  publisher={American Association for the Advancement of Science}
}

@article{chaudhuri2015large-scale,
title = "A Large-Scale Circuit Mechanism for Hierarchical Dynamical Processing in the Primate Cortex ",
journal = "Neuron ",
volume = "88",
number = "2",
pages = "419 - 431",
year = "2015",
note = "",
issn = "0896-6273",
doi = "http://dx.doi.org/10.1016/j.neuron.2015.09.008",
url = "http://www.sciencedirect.com/science/article/pii/S0896627315007655",
author = "Rishidev Chaudhuri and Kenneth Knoblauch and Marie-Alice Gariel and Henry Kennedy and Xiao-Jing Wang",
abstract = "Summary We developed a large-scale dynamical model of theÂ macaque neocortex, which is based on recently acquired directed- and weighted-connectivity data from tract-tracing experiments, and which incorporates heterogeneity across areas. A hierarchy of timescales naturally emerges from this system: sensory areas show brief, transient responses to input (appropriate for sensory processing), whereas association areas integrate inputs over time and exhibit persistent activity (suitable for decision-making and working memory). The model displays multiple temporal hierarchies, as evidenced by contrasting responses to visual versus somatosensory stimulation. Moreover, slower prefrontal and temporal areas have a disproportionate impact on global brain dynamics. These findings establish a circuit mechanism for â€œtemporal receptive windowsâ€ that are progressively enlarged along the cortical hierarchy, suggest an extension of time integration in decision making from local to large circuits, and should prompt a re-evaluation of the analysis of functional connectivity (measured by fMRI or electroencephalography/magnetoencephalography) by taking into account inter-areal heterogeneity. "
}

@article{sompolinsky2014computational,
  title={Computational neuroscience: beyond the local circuit},
  author={Sompolinsky, Haim},
  journal={Current opinion in neurobiology},
  volume={25},
  pages={xiii--xviii},
  year={2014},
  publisher={Elsevier}
}

@article{rajan2010stimulus,
  title={Stimulus-dependent suppression of chaos in recurrent neural networks},
  author={Rajan, Kanaka and Abbott, LF and Sompolinsky, Haim},
  journal={Physical Review E},
  volume={82},
  number={1},
  pages={011903},
  year={2010},
  publisher={APS}
}

@article{rajan2006eigenvalue,
  title={Eigenvalue spectra of random matrices for neural networks},
  author={Rajan, Kanaka and Abbott, LF},
  journal={Physical review letters},
  volume={97},
  number={18},
  pages={188104},
  year={2006},
  publisher={APS}
}

@article{foldiak1990forming,
  title={Forming sparse representations by local anti-Hebbian learning},
  author={F{\"o}ldiak, Peter},
  journal={Biological cybernetics},
  volume={64},
  number={2},
  pages={165--170},
  year={1990},
  publisher={Springer}
}

@article{shadlen1994noise,
  title={Noise, neural codes and cortical organization},
  author={Shadlen, Michael N and Newsome, William T},
  journal={Current opinion in neurobiology},
  volume={4},
  number={4},
  pages={569--579},
  year={1994},
  publisher={Elsevier}
}

@article{tao2014formation,
  title={Formation of excitation-inhibition balance: inhibition listens and changes its tune},
  author={Tao, Huizhong W and Li, Ya-tang and Zhang, Li I},
  journal={Trends in neurosciences},
  volume={37},
  number={10},
  pages={528--530},
  year={2014},
  publisher={Elsevier}
}

@article{wehr2003balanced,
  title={Balanced inhibition underlies tuning and sharpens spike timing in auditory cortex},
  author={Wehr, Michael and Zador, Anthony M},
  journal={Nature},
  volume={426},
  number={6965},
  pages={442--446},
  year={2003},
  publisher={Nature Publishing Group}
}

@article{haider2006neocortical,
  title={Neocortical network activity in vivo is generated through a dynamic balance of excitation and inhibition},
  author={Haider, Bilal and Duque, Alvaro and Hasenstaub, Andrea R and McCormick, David A},
  journal={The Journal of neuroscience},
  volume={26},
  number={17},
  pages={4535--4545},
  year={2006},
  publisher={Soc Neuroscience}
}

@article{sompolinsky1988chaos,
  title={Chaos in random neural networks},
  author={Sompolinsky, Haim and Crisanti, A and Sommers, HJ},
  journal={Physical Review Letters},
  volume={61},
  number={3},
  pages={259},
  year={1988},
  publisher={APS}
}


@article{vogels2005neural,
  title={Neural network dynamics},
  author={Vogels, Tim P and Rajan, Kanaka and Abbott, LF},
  journal={Annu. Rev. Neurosci.},
  volume={28},
  pages={357--376},
  year={2005},
  publisher={Annual Reviews}
}

@article{shadlen1998variable,
  title={The variable discharge of cortical neurons: implications for connectivity, computation, and information coding},
  author={Shadlen, Michael N and Newsome, William T},
  journal={The Journal of neuroscience},
  volume={18},
  number={10},
  pages={3870--3896},
  year={1998},
  publisher={Soc Neuroscience}
}

@article{granger1969investigating,
  title={Investigating causal relations by econometric models and cross-spectral methods},
  author={Granger, Clive WJ},
  journal={Econometrica: Journal of the Econometric Society},
  pages={424--438},
  year={1969},
  publisher={JSTOR}
}

@article{stephens2013place,
  title={A place for time: the spatiotemporal structure of neural dynamics during natural audition},
  author={Stephens, Greg J and Honey, Christopher J and Hasson, Uri},
  journal={Journal of neurophysiology},
  volume={110},
  number={9},
  pages={2019--2026},
  year={2013},
  publisher={Am Physiological Soc}
}

@article{kiebel2008hierarchy,
  title={A hierarchy of time-scales and the brain},
  author={Kiebel, Stefan J and Daunizeau, Jean and Friston, Karl J},
  journal={PLoS computational biology},
  volume={4},
  number={11},
  year={2008},
  publisher={Public Library of Science}
}

@article{olshausen1996emergence,
  title={Emergence of simple-cell receptive field properties by learning a sparse code for natural images},
  author={Olshausen, Bruno A and others},
  journal={Nature},
  volume={381},
  number={6583},
  pages={607--609},
  year={1996}
}

@article{uusitalo1996dynamical,
  title={Dynamical organisation of the human visual system revealed by lifetimes of activation traces},
  author={Uusitalo, Mikko A and Williamson, Samuel J and Sepp{\"a}, Mika T},
  journal={Neuroscience letters},
  volume={213},
  number={3},
  pages={149--152},
  year={1996},
  publisher={Elsevier}
}

@article{hasson2008hierarchy,
  title={A hierarchy of temporal receptive windows in human cortex},
  author={Hasson, Uri and Yang, Eunice and Vallines, Ignacio and Heeger, David J and Rubin, Nava},
  journal={The Journal of Neuroscience},
  volume={28},
  number={10},
  pages={2539--2550},
  year={2008},
  publisher={Soc Neuroscience}
}

@article{ercsey2013predictive,
  title={A predictive network model of cerebral cortical connectivity based on a distance rule},
  author={Ercsey-Ravasz, M{\'a}ria and Markov, Nikola T and Lamy, Camille and Van Essen, David C and Knoblauch, Kenneth and Toroczkai, Zolt{\'a}n and Kennedy, Henry},
  journal={Neuron},
  volume={80},
  number={1},
  pages={184--197},
  year={2013},
  publisher={Elsevier}
}

@article{chen2015processing,
  title={Processing Timescales as an Organizing Principle for Primate Cortex},
  author={Chen, Janice and Hasson, Uri and Honey, Christopher J},
  journal={Neuron},
  volume={88},
  number={2},
  pages={244--246},
  year={2015},
  publisher={Elsevier}
}

@article{palmer2015predictive,
  title={Predictive information in a sensory population},
  author={Palmer, Stephanie E and Marre, Olivier and Berry, Michael J and Bialek, William},
  journal={Proceedings of the National Academy of Sciences},
  pages={201506855},
  year={2015},
  publisher={National Acad Sciences}
}

@article{watts1998collective,
  title={Collective dynamics of ‘small-world’networks},
  author={Watts, Duncan J and Strogatz, Steven H},
  journal={nature},
  volume={393},
  number={6684},
  pages={440--442},
  year={1998},
  publisher={Nature Publishing Group}
}

@article{chaudhuri2014diversity,
  title={A diversity of localized timescales in network activity},
  author={Chaudhuri, Rishidev and Bernacchia, Alberto and Wang, Xiao-Jing},
  journal={Elife},
  volume={3},
  pages={e01239},
  year={2014},
  publisher={eLife Sciences Publications Limited}
}

@article{marino2005invariant,
  title={Invariant computations in local cortical networks with balanced excitation and inhibition},
  author={Mari{\~n}o, Jorge and Schummers, James and Lyon, David C and Schwabe, Lars and Beck, Oliver and Wiesing, Peter and Obermayer, Klaus and Sur, Mriganka},
  journal={Nature neuroscience},
  volume={8},
  number={2},
  pages={194--201},
  year={2005},
  publisher={Nature Publishing Group}
}

@article{litvak2003transmission,
  title={On the transmission of rate code in long feedforward networks with excitatory--inhibitory balance},
  author={Litvak, Vladimir and Sompolinsky, Haim and Segev, Idan and Abeles, Moshe},
  journal={The Journal of neuroscience},
  volume={23},
  number={7},
  pages={3006--3015},
  year={2003},
  publisher={Soc Neuroscience}
}

@article{shu2003turning,
  title={Turning on and off recurrent balanced cortical activity},
  author={Shu, Yousheng and Hasenstaub, Andrea and McCormick, David A},
  journal={Nature},
  volume={423},
  number={6937},
  pages={288--293},
  year={2003},
  publisher={Nature Publishing Group}
}

@article{lerner2014temporal,
  title={Temporal scaling of neural responses to compressed and dilated natural speech},
  author={Lerner, Yulia and Honey, Christopher J and Katkov, Mikhail and Hasson, Uri},
  journal={Journal of neurophysiology},
  volume={111},
  number={12},
  pages={2433--2444},
  year={2014},
  publisher={Am Physiological Soc}
}

@article{lerner2011topographic,
  title={Topographic mapping of a hierarchy of temporal receptive windows using a narrated story},
  author={Lerner, Yulia and Honey, Christopher J and Silbert, Lauren J and Hasson, Uri},
  journal={The Journal of Neuroscience},
  volume={31},
  number={8},
  pages={2906--2915},
  year={2011},
  publisher={Soc Neuroscience}
}

@article{hasson2015hierarchical,
  title={Hierarchical process memory: memory as an integral component of information processing},
  author={Hasson, Uri and Chen, Janice and Honey, Christopher J},
  journal={Trends in cognitive sciences},
  volume={19},
  number={6},
  pages={304--313},
  year={2015},
  publisher={Elsevier}
}

@article{hari2010brain,
  title={The brain in time: insights from neuromagnetic recordings},
  author={Hari, Riitta and Parkkonen, Lauri and Nangini, Cathy},
  journal={Annals of the New York Academy of Sciences},
  volume={1191},
  number={1},
  pages={89--109},
  year={2010},
  publisher={Wiley Online Library}
}

@article{bialek2001predictability,
  title={Predictability, complexity, and learning},
  author={Bialek, William and Nemenman, Ilya and Tishby, Naftali},
  journal={Neural computation},
  volume={13},
  number={11},
  pages={2409--2463},
  year={2001},
  publisher={MIT Press}
}

@article{hubel1962receptive,
  title={Receptive fields, binocular interaction and functional architecture in the cat's visual cortex},
  author={Hubel, David H and Wiesel, Torsten N},
  journal={The Journal of physiology},
  volume={160},
  number={1},
  pages={106},
  year={1962},
  publisher={Blackwell Publishing}
}

@article{hubel1988eye,
  title={Eye, brain, and vision (scientific american library)},
  author={Hubel, David H},
  journal={New York},
  year={1988}
}

@article{sereno1995borders,
  title={Borders of multiple visual areas in humans revealed by functional magnetic resonance imaging},
  author={Sereno, Martin I and Dale, AM and Reppas, JB and Kwong, KK and Belliveau, JW and Brady, TJ and Rosen, BR and Tootell, RB},
  journal={Science},
  volume={268},
  number={5212},
  pages={889--893},
  year={1995},
  publisher={American Association for the Advancement of Science}
}

@article{deyoe1996mapping,
  title={Mapping striate and extrastriate visual areas in human cerebral cortex},
  author={DeYoe, Edgar A and Carman, George J and Bandettini, Peter and Glickman, Seth and Wieser, Jon and Cox, Robert and Miller, David and Neitz, Jay},
  journal={Proceedings of the National Academy of Sciences},
  volume={93},
  number={6},
  pages={2382--2386},
  year={1996},
  publisher={National Acad Sciences}
}

@article{zacks2001human,
  title={Human brain activity time-locked to perceptual event boundaries},
  author={Zacks, Jeffrey M and Braver, Todd S and Sheridan, Margaret A and Donaldson, David I and Snyder, Abraham Z and Ollinger, John M and Buckner, Randy L and Raichle, Marcus E},
  journal={Nature neuroscience},
  volume={4},
  number={6},
  pages={651--655},
  year={2001},
  publisher={Nature Publishing Group}
}

@article{xu2005language,
  title={Language in context: emergent features of word, sentence, and narrative comprehension},
  author={Xu, Jiang and Kemeny, Stefan and Park, Grace and Frattali, Carol and Braun, Allen},
  journal={Neuroimage},
  volume={25},
  number={3},
  pages={1002--1015},
  year={2005},
  publisher={Elsevier}
}

@article{saxe2003people,
  title={People thinking about thinking people: the role of the temporo-parietal junction in “theory of mind”},
  author={Saxe, Rebecca and Kanwisher, Nancy},
  journal={Neuroimage},
  volume={19},
  number={4},
  pages={1835--1842},
  year={2003},
  publisher={Elsevier}
}

@article{durstewitz2000neurocomputational,
  title={Neurocomputational models of working memory},
  author={Durstewitz, Daniel and Seamans, Jeremy K and Sejnowski, Terrence J},
  journal={Nature neuroscience},
  volume={3},
  pages={1184--1191},
  year={2000},
  publisher={Nature Publishing Group}
}

@article{honey2012slow,
  title={Slow cortical dynamics and the accumulation of information over long timescales},
  author={Honey, Christopher J and Thesen, Thomas and Donner, Tobias H and Silbert, Lauren J and Carlson, Chad E and Devinsky, Orrin and Doyle, Werner K and Rubin, Nava and Heeger, David J and Hasson, Uri},
  journal={Neuron},
  volume={76},
  number={2},
  pages={423--434},
  year={2012},
  publisher={Elsevier}
}

@article{fonlupt2003perception,
  title={Perception and judgement of physical causality involve different brain structures},
  author={Fonlupt, Pierre},
  journal={Cognitive Brain Research},
  volume={17},
  number={2},
  pages={248--254},
  year={2003},
  publisher={Elsevier}
}

@article{kobatake1994neuronal,
  title={Neuronal selectivities to complex object features in the ventral visual pathway of the macaque cerebral cortex},
  author={Kobatake, Eucaly and Tanaka, Keiji},
  journal={Journal of neurophysiology},
  volume={71},
  number={3},
  pages={856--867},
  year={1994},
  publisher={Am Physiological Soc}
}

@article{lerner2001hierarchical,
  title={A hierarchical axis of object processing stages in the human visual cortex},
  author={Lerner, Yulia and Hendler, Talma and Ben-Bashat, Dafna and Harel, Michal and Malach, Rafael},
  journal={Cerebral Cortex},
  volume={11},
  number={4},
  pages={287--297},
  year={2001},
  publisher={Oxford Univ Press}
}

@article{mishkin1983object,
  title={Object vision and spatial vision: two cortical pathways},
  author={Mishkin, Mortimer and Ungerleider, Leslie G and Macko, Kathleen A},
  journal={Trends in neurosciences},
  volume={6},
  pages={414--417},
  year={1983},
  publisher={Elsevier}
}

@article{goodale1992separate,
  title={Separate visual pathways for perception and action},
  author={Goodale, Melvyn A and Milner, A David},
  journal={Trends in neurosciences},
  volume={15},
  number={1},
  pages={20--25},
  year={1992},
  publisher={Elsevier}
}

@article{milner2008two,
  title={Two visual systems re-viewed},
  author={Milner, A David and Goodale, Melvyn A},
  journal={Neuropsychologia},
  volume={46},
  number={3},
  pages={774--785},
  year={2008},
  publisher={Elsevier}
}

@article{huk2005neural,
  title={Neural activity in macaque parietal cortex reflects temporal integration of visual motion signals during perceptual decision making},
  author={Huk, Alexander C and Shadlen, Michael N},
  journal={The Journal of neuroscience},
  volume={25},
  number={45},
  pages={10420--10436},
  year={2005},
  publisher={Soc Neuroscience}
}

@article{ogawa2010differential,
  title={Differential temporal storage capacity in the baseline activity of neurons in macaque frontal eye field and area V4},
  author={Ogawa, Tadashi and Komatsu, Hidehiko},
  journal={Journal of neurophysiology},
  volume={103},
  number={5},
  pages={2433--2445},
  year={2010},
  publisher={Am Physiological Soc}
}

@article{romo1999neuronal,
  title={Neuronal correlates of parametric working memory in the prefrontal cortex},
  author={Romo, Ranulfo and Brody, Carlos D and Hern{\'a}ndez, Adri{\'a}n and Lemus, Luis},
  journal={Nature},
  volume={399},
  number={6735},
  pages={470--473},
  year={1999},
  publisher={Nature Publishing Group}
}

@article{shadlen2001neural,
  title={Neural basis of a perceptual decision in the parietal cortex (area LIP) of the rhesus monkey},
  author={Shadlen, Michael N and Newsome, William T},
  journal={Journal of neurophysiology},
  volume={86},
  number={4},
  pages={1916--1936},
  year={2001},
  publisher={Am Physiological Soc}
}

@article{wang2002probabilistic,
  title={Probabilistic decision making by slow reverberation in cortical circuits},
  author={Wang, Xiao-Jing},
  journal={Neuron},
  volume={36},
  number={5},
  pages={955--968},
  year={2002},
  publisher={Elsevier}
}